@article{Brown,
  title={Multivariate Bayesian variable selection and prediction},
  author={Brown, P. J. and Vannucci, M.},
  journal={Journal of the Royal Statistical Society: Series B (Methodological)},
  pages={627--641},
  year={1998},
  publisher={JSTOR}
}